@inbook{cryer2008time,
  title     = {Time series analysis: with applications in R},
  author   = {Cryer, Jonathan D and Chan, Kung-Sik},
  publisher = {2},
  year      = {2008},
  publisher = {Springer},
  chapter   = {11}
}

@inbook{hyndman2018forecasting,
  title={Forecasting: principles and practice},
  author={Hyndman, Rob J and Athanasopoulos, George},
  year={2018},
  publisher={OTexts},
  chapter={9}

}