@book{cryer2008time,
  title={Time series analysis: with applications in R},
  author={Cryer, Jonathan D and Chan, Kung-Sik},
  volume={2},
  year={2008},
  publisher={Springer}
}